<?xml version="1.0" encoding="UTF-8"?><collection xmlns="http://www.loc.gov/MARC21/slim"><record><leader>00386nam--2200145-i-4500</leader><controlfield tag="001">000014245</controlfield><controlfield tag="002">20161230</controlfield><controlfield tag="005">20170222005150</controlfield><controlfield tag="008">060222s1000------------r-----000-0-eng-d</controlfield><datafield ind1=" " ind2=" " tag="245"><subfield code="a">Automatizari si echipamente electronice</subfield></datafield><datafield ind1=" " ind2=" " tag="260"><subfield code="a">Bucuresti</subfield><subfield code="b">Ed.Did.Si Pedag</subfield><subfield code="c">1982</subfield></datafield><datafield ind1=" " ind2=" " tag="300"><subfield code="a">369 p</subfield></datafield><datafield ind1=" " ind2=" " tag="700"><subfield code="a">Dummitrache, I</subfield></datafield><datafield ind1=" " ind2=" " tag="852"><subfield code="a">681.511:681.527.7(075.8)</subfield></datafield><datafield ind1=" " ind2=" " tag="CAT"><subfield code="a">SYS</subfield><subfield code="c">20170222</subfield><subfield code="h">005150</subfield></datafield></record></collection>